<?xml version="1.0" encoding="UTF-8"?><collection xmlns="http://www.loc.gov/MARC21/slim"><record><leader>00430nam--2200145-i-4500</leader><controlfield tag="001">000008992</controlfield><controlfield tag="002">20161230</controlfield><controlfield tag="005">20170210011456</controlfield><controlfield tag="008">060222s1000------------r-----000-0-eng-d</controlfield><datafield ind1=" " ind2=" " tag="100"><subfield code="a">Crabbe, Pierre</subfield></datafield><datafield ind1=" " ind2=" " tag="245"><subfield code="a">Applications de la dispersion rotatoire optique et du dichroisme circulaire optique en chimie organique</subfield></datafield><datafield ind1=" " ind2=" " tag="260"><subfield code="a">Paris</subfield><subfield code="b">Gauthier-Villars</subfield><subfield code="c">1968</subfield></datafield><datafield ind1=" " ind2=" " tag="300"><subfield code="a">611 p</subfield></datafield><datafield ind1=" " ind2=" " tag="852"><subfield code="a">535:547</subfield></datafield><datafield ind1=" " ind2=" " tag="CAT"><subfield code="a">SYS</subfield><subfield code="c">20170210</subfield><subfield code="h">011456</subfield></datafield></record></collection>